% This file was created with JabRef 2.10.
% Encoding: UTF8


@Article{Benest,
  Title                    = {Libration effects for retrograde satellitesin the restricted three-body problem. {I: Circular plane Hill's case}},
  Author                   = {Benest, Daniel},
  Year                     = {1976},
  Language                 = {english},
  Number                   = {13},
  Pages                    = {203--215},

  Date-modified            = {2012-08-24 07:28:26 +0000},
  Journal                  = {Celestial Mechanics}
}

@Article{BreakwellPerko1974,
  Title                    = {Second-order matching in the restricted three-body problem (small {$\mu$})},
  Author                   = {{Breakwell}, J.~V. and {Perko}, L.~M.},
  Year                     = {1974},
  Doi                      = {10.1007/BF01329325},
  Language                 = {english},
  Pages                    = {437-450},
  Volume                   = {9},

  Adsnote                  = {Provided by the SAO/NASA Astrophysics Data System},
  Adsurl                   = {http://adsabs.harvard.edu/abs/1974CeMec...9..437B},
  Bdsk-url-1               = {http://dx.doi.org/10.1007/BF01329325},
  Date-modified            = {2012-05-03 12:02:01 +0400},
  Journal                  = {Celestial Mechanics}
}

@Article{Bruno81,
  Title                    = {On periodic flybys of the {M}oon},
  Author                   = {Bruno, A. D.},
  Year                     = {1981},
  Language                 = {english},
  Pages                    = {255--268},
  Volume                   = {24},

  Date-added               = {2010-06-16 14:33:35 +0400},
  Date-modified            = {2010-06-16 14:35:22 +0400},
  Journal                  = {Celestial Mechanics}
}

@Article{Bulirsh,
  Title                    = {Fehlerabschazunger und Extrapolation mit rationalen Functionen bei Verfahren vom Richardson-Typus},
  Author                   = {Bulirsh, R. and St{\"o}er, J.},
  Year                     = {1964},
  Language                 = {german},
  Pages                    = {413-427},
  Volume                   = {6},

  Journal                  = {Num. Math.}
}

@Article{Deprit,
  Title                    = {Canonical transformations depending on a small parameter},
  Author                   = {Deprit, A.},
  Year                     = {1969},
  Language                 = {english},
  Pages                    = {12-30},
  Volume                   = {1},

  Journal                  = {Celestial Mechanics}
}

@Techreport{Doedel,
  Title                    = {{AUTO94} : Software for continuation and bifurcation problems in ordinary differential equations},
  Author                   = {Doedel, E. J. and Wang, X. J.},
  Institution              = {Center for Research on Parallel Computing, California Institute of Technology},
  Year                     = {1995},
  Language                 = {english},
  Type                     = {Technical report},

  Address                  = {Pasadena CA}
}

@Book{Euler1772,
  Title                    = {Theoria Motuum Lunae nova methoda pertractata},
  Author                   = {Euler, Leonard},
  Language                 = {latina}
}

@Article{Everhart,
  Title                    = {Implicit single-sequence methods for integrating orbits},
  Author                   = {Everhart, E.},
  Year                     = {1974},
  Language                 = {english},
  Pages                    = {35-55},
  Volume                   = {10},

  Journal                  = {Celestial Mechanics}
}

@Article{Feigen,
  Title                    = {Quantative universality for a class of non-linear transformation},
  Author                   = {Feigenbaum, M. J.},
  Year                     = {1978},
  Language                 = {english},
  Pages                    = {25-52},
  Volume                   = {19},

  Journal                  = {J. Stat. Phys.}
}

@Article{Gurfil,
  Title                    = {Hamilton Jacobi modelling of stellar dynamics},
  Author                   = {{Gurfil}, P. and {Kasdin}, N.~J. and {Kolemen}, E.},
  Year                     = {2005},
  Language                 = {english},
  Pages                    = {1143--1150},
  Volume                   = {36},

  Date-added               = {2012-02-08 14:33:15 +0300},
  Date-modified            = {2012-02-08 14:34:23 +0300},
  Journal                  = {Advances in Space Research}
}

@Article{Henon2003,
  Title                    = {New families of periodic orbits in {H}ill's problem of three bodies},
  Author                   = {H{\'e}non, M.},
  Year                     = {2003},
  Language                 = {english},
  Pages                    = {223--246},
  Volume                   = {85},

  Abstract                 = {The search for symmetric periodic solutions of Hill's problem, begun in H\'enon (1996) for simple-periodic orbits, is extended to double- and triple-periodic orbits. Seven new families are found.We also complete the description of family g3, begun in H\'enon (1970). In all of these families, both ends consist of orbits of increasing dimensions with $\Gamma \rightarrow \infty$. They can be continued into second species families, which are identified.},
  Date-modified            = {2011-02-26 22:26:15 +0300},
  File                     = {Henon2003.pdf:Documents and Settings\\Papa\\Мои документы\\Articles\\Henon\\Henon2003.pdf:PDF},
  Keywords                 = {Задача Хилла, порождающие решения}
}

@Article{Henon2005,
  Title                    = {Families of asymmetric periodic orbits in {H}ill's problem of three bodies},
  Author                   = {H{\'e}non, Michel},
  Year                     = {2005},
  Language                 = {english},
  Pages                    = {87-100},
  Volume                   = {93},

  Abstract                 = {We present five families of periodic solutions of Hill's problem
 which are asymmetric with respect to the horizontal $\xi$ axis.
 In one of these families, the orbits are symmetric with respect to the vertical $\eta$
 axis; in the four others, the orbits are without any symmetry.
 Each family consists of two branches, which are mirror images of each other with
 respect to the $\xi$ axis. These two branches are joined at a maximum of $\Gamma$,
 where the family of asymmetric periodic solutions intersects a family of symmetric
 (with respect to the $\xi$ axis) periodic solutions.
 Both branches can be continued into second species families for $\Gamma\rightarrow-\infty$.
},
  Date-modified            = {2014-01-21 15:16:21 +0000},
  Journal                  = {Celest. Mech. Dyn. Astr.},
  Keywords                 = {Hill's problem, numerical integration, periodic orbits, second species families}
}

@Article{Henon73,
  Title                    = {Vertical stability of periodic orbits in the restricted problem. {I.} {E}qual masses},
  Author                   = {H{\'e}non, M.},
  Year                     = {1973},
  Language                 = {english},
  Number                   = {28},
  Pages                    = {415-426},

  Journal                  = {Astron. \& Astr.}
}

@Article{Henon74,
  Title                    = {Vertical stability of periodic orbits in the restricted problem. {II.} {H}ill's case},
  Author                   = {H{\'e}non, M.},
  Year                     = {1974},
  Language                 = {english},
  Number                   = {30},
  Pages                    = {317-321},

  Journal                  = {Astron. \& Astr.}
}

@Book{Henon97,
  Title                    = {Generating Families in the Restricted Three-Body Problem},
  Author                   = {H{\'e}non, Michel},
  Year                     = {1997},
  Language                 = {english},
  Number                   = {52},
  Pagetotal                = {278},
  Publisher                = {Springer},
  Series                   = {Lecture Note in Physics. Monographs},

  Address                  = {Berlin, Heidelber, New~York},
  Date-added               = {2012-04-28 10:52:47 +0400},
  Date-modified            = {2012-04-28 11:19:02 +0400},
  Numpages                 = {278}
}

@Book{HenonBook2,
  Title                    = {Generating Families in the Restricted Three-Body Problem. II. Quantitative Study of Bifurcations},
  Author                   = {H{\'e}non, Michel},
  Year                     = {2001},
  Language                 = {english},
  Number                   = {65},
  Publisher                = {Springer--Verlag},
  Series                   = {Lecture Note in Physics. Monographs},

  Address                  = {Berlin, Heidelber, New~York},
  Date-modified            = {2012-04-28 10:55:54 +0400},
  Numpages                 = {308}
}

@Article{HenonI,
  Title                    = {Exploration num{\'e}rique du probl{\`e}me restreint. {M}asses {\'e}gales. {O}rbites periodiques.},
  Author                   = {H{\'e}non, M.},
  Year                     = {1965},
  Language                 = {french},
  Number                   = {3},
  Pages                    = {499-511},
  Volume                   = {28},

  Journal                  = {Annales d'Astrophysique}
}

@Article{HenonII,
  Title                    = {Exploration num{\'e}rique du probl{\`e}me restreint. {M}asses {\'e}gales, stabilit{\'e} des orbites p{\'e}riodiques.},
  Author                   = {H{\'e}non, M.},
  Year                     = {1965},
  Language                 = {french},
  Number                   = {6},
  Pages                    = {992-1007},
  Volume                   = {28},

  Journal                  = {Annales d'Astrophysique}
}

@Article{HenonV,
  Title                    = {Numerical Exploration of the Restricted Problem. {V}. {H}ill's Case: Periodic Orbits and Their Stability},
  Author                   = {H{\'e}non, M.},
  Year                     = {1969},
  Language                 = {english},
  Pages                    = {223-238},
  Volume                   = {1},

  Journal                  = {Astron. \& Astrophys.}
}

@Article{HenonVI,
  Title                    = {Numerical exploration of the restricted problem. {H}ill's case: non-periodic orbits},
  Author                   = {H{\'e}non, M.},
  Year                     = {1970},
  Language                 = {english},
  Number                   = {9},
  Pages                    = {24-36},

  Journal                  = {Astron. \& Astr.}
}

@Article{Hill,
  Title                    = {Researches in the Lunar Theory},
  Author                   = {Hill, G. W.},
  Year                     = {1905},
  Language                 = {english},
  Pages                    = {284--335},
  Volume                   = {1},

  Journal                  = {The Collected Mathematical Works of G.W.~Hill}
}

@Article{Ichtiaroglou80,
  Title                    = {Elliptic {H}ill's problem: {T}he continuation of periodic orbits},
  Author                   = {Ichtiarogolou, S.},
  Year                     = {1980},
  Language                 = {english},
  Pages                    = {139-141},
  Volume                   = {92},

  Date-modified            = {2011-11-07 11:41:13 +0300},
  Journal                  = {Astron. \& Astr.}
}

@Article{Ichtiaroglou81,
  Title                    = {Elliptic {H}ill problem: {F}amilies of periodic orbits},
  Author                   = {Ichtiarogolou, S.},
  Year                     = {1981},
  Language                 = {english},
  Pages                    = {401-405},
  Volume                   = {98},

  Date-modified            = {2011-11-07 11:41:13 +0300},
  Journal                  = {Astron. \& Astr.}
}

@Article{Ichtiaroglou90,
  Title                    = {On the effect of eccentricity of a planetary orbit on the stability of satellite orbits},
  Author                   = {Ichtiarogolou, S. and Voyatzis, G.},
  Year                     = {1990},
  Language                 = {english},
  Pages                    = {11-22},
  Volume                   = {11},

  Journal                  = {J. Astrophys. Astr.}
}

@Article{Ivanov,
  Title                    = {Study of the double mathematical pendulum-numerical investigation of homoclinic transversal intersections},
  Author                   = {Ivanov, A. V.},
  Year                     = {1999},
  Language                 = {english},
  Number                   = {1},
  Pages                    = {104-116},
  Volume                   = {4},

  Journal                  = {Reg. \& Chaot. Dyn.}
}

@Book{Jorba,
  Title                    = {A software package for the numerical integration of {ODE} by means of high order {T}aylor methods},
  Author                   = {Jorba, A. and Zou, M.},
  Year                     = {2004},
  Language                 = {english},
  Note                     = {Preprint},
  Pages                    = {32}
}

@Article{taylor,
  Title                    = {Numerical integration methods in dynamical astronomy},
  Author                   = {Kinoshita, H. and Nakai, H.},
  Year                     = {1989},
  Language                 = {english},
  Number                   = {45},
  Pages                    = {231-244},

  Journal                  = {Celestial Mechanics and Dynamical Astronomy}
}

@Book{KoLoMaRo,
  Title                    = {Dynamical Systems, the Three-Body Problem and Space Mission Design},
  Author                   = {Koon, Wang Sang and Lo, Martin W. and Marsden, Jerrold E. and Ross, Shane D.},
  Year                     = {2006},
  Language                 = {english},
  Publisher                = {Marsden Books},

  Date-added               = {2011-02-27 00:12:53 +0300},
  Date-modified            = {2011-02-27 00:15:28 +0300},
  Numpages                 = {331}
}

@Article{KreismanCR03,
  Title                    = {Gravitation maneuver using the families of super-unstable orbits around the libration points},
  Author                   = {Kreisman, B. B.},
  Year                     = {2003},
  Language                 = {english},
  Number                   = {1},
  Pages                    = {51-62},
  Volume                   = {41},

  Journal                  = {Cosmic Research}
}

@Book{Kuznetsov,
  Title                    = {Elements of Applied Bifurcation Theory},
  Author                   = {Kuznetsov, Yu. A.},
  Year                     = {1998},
  Edition                  = {2nd ed.},
  Language                 = {english},
  Publisher                = {Springer-Verlag},
  Series                   = {Applied Mathematical Sciences},
  Volume                   = {112},

  Address                  = {New York}
}

@Book{Leimkuhler,
  Title                    = {Simulating {H}amiltonian mechanics},
  Author                   = {Leimkuhler, B. and Reich, S.},
  Year                     = {2004},
  Language                 = {english},
  Publisher                = {Cambridge University Press}
}

@Article{LidovLyakhovaTeslenko87eng,
  Title                    = {Single-impulse transfer to a conditionally periodic orbit in the vicinity of the L2 point of the earth-moon system and related problems},
  Author                   = {{Lidov}, M.~L. and {Liakhova}, V.~A. and {Teslenko}, N.~M.},
  Year                     = {1987},
  Pages                    = {163-185},
  Volume                   = {25},

  Adsnote                  = {Provided by the SAO/NASA Astrophysics Data System},
  Adsurl                   = {http://adsabs.harvard.edu/abs/1987KosIs..25..163L},
  Date-added               = {2012-08-09 14:41:57 +0000},
  Date-modified            = {2012-08-09 14:42:54 +0000},
  Journal                  = {Kosmicheskie Issledovaniia},
  Keywords                 = {EARTH-MOON SYSTEM, LAGRANGIAN EQUILIBRIUM POINTS, SPACECRAFT MOTION, TRANSFER ORBITS, LIBRATION, SPACECRAFT TRAJECTORIES, TRAJECTORY ANALYSIS}
}

@Article{Markellos,
  Title                    = {Numerical investigation of the planar restricted three-body problem. {I.}{P}eriodic Orbits of the Second Generation in the {S}un-{J}upiter System},
  Author                   = {Markellos, V. V.},
  Year                     = {1974},
  Language                 = {english},
  Number                   = {9},
  Pages                    = {365-380},

  Journal                  = {Celestial Mechanics}
}

@Article{MarkellosHill,
  Title                    = {A Hill problem with oblate primaries and effect of oblateness on Hill stability of orbits},
  Author                   = {Markellos, V. V. and Roy, A. E. and Perdios, E. A. and Douskos, C. N.},
  Year                     = {2001},
  Language                 = {english},
  Number                   = {278},
  Pages                    = {295-304},

  Journal                  = {Astrophysics and Space Science}
}

@Article{meletlidou,
  Title                    = {Non-integrability of {H}ill's lunar problem},
  Author                   = {Meletlidou, E. and Ichtiaroglou, S. and Winterberg, F. J.},
  Year                     = {2001},
  Language                 = {russian},
  Pages                    = {145-156},
  Volume                   = {80},

  Journal                  = {Celestial Mechanics and Dynamical Astronomy}
}

@Book{Meyer,
  Title                    = {Periodic solutions of the $N$--body problem},
  Author                   = {Meyer, Kenneth R.},
  Year                     = {1999},
  Publisher                = {Springer--Verlag},
  Series                   = {Lecture Notes in Mathematics},
  Volume                   = {1719},

  Address                  = {Berlin, Heidelberg, New York},
  Date-added               = {2010-06-02 23:13:39 +0400},
  Date-modified            = {2010-06-02 23:16:17 +0400}
}

@Article{Michalodimitrakis,
  Title                    = {Hill's problem: families of three dimentional periodic orbits (part {I})},
  Author                   = {Michalodimitrakis, M.},
  Year                     = {1980},
  Language                 = {english},
  Number                   = {68},
  Pages                    = {253-268},

  Journal                  = {Astrophysics and Space Science}
}

@Article{SimoN,
  Title                    = {Algebraic proof of the non--integrability of Hill's Problem},
  Author                   = {Morales-Ruiz, J. and Sim{\'o}, Carles and Simon, S.},
  Year                     = {2005},
  Language                 = {english},
  Number                   = {4},
  Pages                    = {1237--1256},
  Volume                   = {25},

  Date-modified            = {2014-03-09 06:55:52 +0000},
  Journal                  = {Ergodic Theory and Dynamical Systems},
  Keywords                 = {Hill's problem nonintegrability}
}

@Article{Nacozy,
  Title                    = {The use of integrals in numerical integration of {N}-body problem},
  Author                   = {Nacozy, P. E.},
  Year                     = {1971},
  Language                 = {english},
  Pages                    = {40-52},
  Volume                   = {14},

  Journal                  = {Astrophys. Space Science}
}

@Book{ParkerChua,
  Title                    = {Practical numerical algorithms for chaotic systems},
  Author                   = {Parker, Thomas S. and Chua, Leon O.},
  Year                     = {1989},
  Language                 = {english},
  Publisher                = {Springer-Verlag}
}

@Article{Perko76,
  Title                    = {Second species periodic solutions with an {$O(\mu)$} near-moon passage},
  Author                   = {Perko, L.},
  Year                     = {1976},
  Language                 = {english},
  Pages                    = {395--427},
  Volume                   = {14},

  Date-added               = {2012-04-28 11:43:33 +0400},
  Date-modified            = {2012-05-02 18:03:56 +0400},
  Journal                  = {Celestial Mechanics}
}

@Article{PerkoCelMech,
  Title                    = {Periodic solutions of the restricted problem that are analytic continuations of periodic solutions of {H}ill's problem for small $\mu>0$},
  Author                   = {Perko, L.},
  Year                     = {1983},
  Language                 = {english},
  Pages                    = {115--132},
  Volume                   = {30},

  Date-added               = {2010-06-02 23:10:21 +0400},
  Date-modified            = {2010-06-02 23:13:04 +0400},
  Journal                  = {Celestial Mechanics}
}

@Article{PerkoI,
  Title                    = {Families of symmetric periodic solutions of Hill's problem I: First species periodic solutions for $C\ll-1$},
  Author                   = {Perko, L.},
  Year                     = {1981},
  Language                 = {english},
  Number                   = {2},
  Pages                    = {321-352},
  Volume                   = {104},

  Date-modified            = {2012-08-31 09:56:40 +0000},
  Journal                  = {Amer. J. Math.}
}

@Article{PerkoII,
  Title                    = {Families of symmetric periodic solutions of Hill's problem II: Second species periodic solutions for $C\ll-1$},
  Author                   = {Perko, L.},
  Year                     = {1981},
  Language                 = {english},
  Number                   = {2},
  Pages                    = {353-397},
  Volume                   = {104},

  Date-modified            = {2012-08-31 09:57:08 +0000},
  Journal                  = {Amer. J. Math.}
}

@Book{PoincareI,
  Title                    = {Les m\'etods nouvelles de la m\'ecanique c\'eleste},
  Author                   = {Poincar{\'e}, H.},
  Year                     = {1893},
  Language                 = {french},
  Publisher                = {Gauthier-Villars},
  Volume                   = {1},

  Address                  = {Paris},
  Date-added               = {2014-02-05 10:01:54 +0000},
  Date-modified            = {2014-02-05 10:01:54 +0000}
}

@Book{PoincareII,
  Title                    = {Les m\'etods nouvelles de la m\'ecanique c\'eleste},
  Author                   = {Poincar{\'e}, H.},
  Year                     = {1893},
  Language                 = {french},
  Publisher                = {Gauthier-Villars},
  Volume                   = {2},

  Address                  = {Paris}
}

@Book{Numrec,
  Title                    = {Numerical {R}ecipes in {C}. {The Art of Scientific Computing}},
  Author                   = {Press, W. H. and Teukolsky, S. A. and Vetterling, W. T. and Flannery, B. P.},
  Year                     = {2002},
  Edition                  = {2nd edition},
  Language                 = {english},
  Publisher                = {Cambridge University Press},

  Address                  = {Cambridge, New York, Port Chester, Melbourne, Sydney}
}

@Article{SimoMeander,
  Title                    = {Invariant curves of analytic perturbed nontwist area preserving maps},
  Author                   = {Sim{\'o}, C.},
  Year                     = {1998},
  Language                 = {english},
  Number                   = {3},
  Pages                    = {180-195},
  Volume                   = {3},

  Journal                  = {Reg. \& Chaot. Dyn.}
}

@Inbook{SimoNumeric,
  Title                    = {Analitycal and numerical computation of invariant manifolds},
  Author                   = {Sim{\'o}, C.},
  Booktitle                = {Modern methods in celestial mechanics},
  Year                     = {1990},
  Language                 = {english},
  Pages                    = {285-330},
  Publisher                = {Editions Froni{\'e}res}
}

@Article{SimoStuchi,
  Title                    = {Central stable/unstable manifolds and the destruction of {KAM} tori in the planar {H}ill problem},
  Author                   = {Sim{\'o}, C. and Stuchi, T. J.},
  Year                     = {2000},
  Language                 = {english},
  Pages                    = {1-32},
  Volume                   = {140},

  Journal                  = {Physica D}
}

@Book{Stuchi,
  Title                    = {Helium-like atom as a classical three body problem},
  Author                   = {Stuchi, T. J. and Antunes, A. and Andreu, M. A.},
  Year                     = {1999},
  Language                 = {english},
  Note                     = {Preprint}
}

@Article{sukhanov,
  Title                    = {Lambert problem solution in the {H}ill model of motion},
  Author                   = {Sukhanov, A. and Prado, A. F. B. A.},
  Year                     = {2004},
  Language                 = {english},
  Pages                    = {331-354},
  Volume                   = {90},

  Journal                  = {Celestial Mechanics and Dynamical Astronomy}
}

@Article{Tsiroganis,
  Title                    = {Improved grid search method: an efficient tool for global computation of periodic orbits. Application to Hill's problem},
  Author                   = {Tsirogiannis, G. A. and Perdios, E. A. and Markellos, V. V.},
  Year                     = {2009},
  Language                 = {english},
  Number                   = {103},
  Pages                    = {49--78},

  Date-added               = {2011-04-08 23:33:47 +0400},
  Date-modified            = {2014-01-18 11:58:53 +0000},
  Journal                  = {Celest. Mech. Dyn. Astr.}
}

@Phdthesis{VillacDiss2003,
  Title                    = {Dynamics in the {Hill} problem with applications to spacecraft maneuvers},
  Author                   = {Villac, B. F.},
  Year                     = {2003},
  Language                 = {english},

  Date-added               = {2012-02-10 13:58:55 +0300},
  Date-modified            = {2012-02-10 14:03:02 +0300},
  Numpages                 = {X+185},
  School                   = {The University of Michigan}
}

@Article{VillacScheers2003,
  Title                    = {New Class of Optimal Plane Change Maneuvers},
  Author                   = {Villac, B. F. and Scheers, D. J.},
  Year                     = {2003},
  Language                 = {english},
  Month                    = {Sept.--Oct.},
  Number                   = {5},
  Pages                    = {750--757},
  Volume                   = {26},

  Date-added               = {2012-02-08 14:17:51 +0300},
  Date-modified            = {2012-02-08 14:21:05 +0300},
  Journal                  = {J. Guid. Contr. Dyn.}
}

@Book{Wiggins,
  Title                    = {Global Bifurcations and Chaos: {A}nalytical Methods},
  Author                   = {Wiggins, S.},
  Year                     = {1988},
  Language                 = {english},
  Publisher                = {Springer-Verlag},

  Address                  = {New York, Heidelber, Berlin}
}

@Book{Wilson,
  Title                    = {The Hill--Brown Theory of the Moon's Motion: Its Coming-to-be and Short-lived Ascendancy (1877-1984)},
  Author                   = {Wilson, Curtis},
  Year                     = {2010},
  Language                 = {english},
  Publisher                = {Springer},
  Series                   = {Sources and Studies in the History of Mathematics and Physical Sciences},

  Address                  = {New York, Dordrecht, Heidelberg, London},
  Date-added               = {2012-04-20 09:44:33 +0400},
  Date-modified            = {2013-04-12 19:36:16 +0000},
  Keywords                 = {Hill's problem},
  Numpages                 = {323}
}

@Article{Zagouras,
  Title                    = {Three-dimentional periodic solutions around equilibrium points in Hill's problem},
  Author                   = {Zagouras, C. and Markellos, V. V.},
  Year                     = {1985},
  Language                 = {english},
  Number                   = {35},
  Pages                    = {257-267},

  Journal                  = {Celestial Mechanics}
}

@Incollection{Aksenov,
  Title                    = {Задача {Х}илла и ее периодические решения},
  Author                   = {Аксенов, Е. П.},
  Booktitle                = {Почти периодические орбиты в небесной механике},
  Editor                   = {Аксенова, Е.П.},
  Year                     = {1990},
  Language                 = {russian},
  Pages                    = {26-46},
  Publisher                = {Издательство МГУ},

  Address                  = {М.}
}

@Book{AksenovSpecFun,
  Title                    = {Специальные функции в небесной механике},
  Author                   = {Аксенов, Е. П.},
  Year                     = {1986},
  Address                  = {М.},
  Language                 = {russian},
  Publisher                = {Наука. Гл. ред. физ.-мат. лит.},
  Date-added               = {2010-07-01 09:17:45 +0400},
  Date-modified            = {2010-07-01 09:19:39 +0400},
  Numpages                 = {320}
}

@Book{ArnoldGeom,
  Title                    = {Геометрические методы в теории обыкновенных дифференциальных уравнений},
  Author                   = {Арнольд, В. И.},
  Year                     = {2000},
  Address                  = {Ижевск},
  Language                 = {russian},
  Publisher                = {Ижевская республиканская типография}
}

@Book{ArnoldMMKM,
  Title                    = {Математические методы классической механики},
  Author                   = {Арнольд, В. И.},
  Year                     = {1989},
  Address                  = {М.},
  Edition                  = {3-е, испр. и доп.},
  Language                 = {russian},
  Pagetotal                = {472},
  Publisher                = {Наука. Гл. ред. физ.-мат. лит.},
  Date-modified            = {2014-07-16 06:25:40 +0000}
}

@Book{ArnoldAvez,
  Title                    = {Эргодические проблемы классической механики},
  Author                   = {Арнольд, В. И. and Авец, А.},
  Year                     = {1999},
  Address                  = {Ижевск},
  Language                 = {russian},
  Publisher                = {Ижевская республиканская типография}
}

@Book{DS5,
  Title                    = {Теория бифуркаций},
  Author                   = {Арнольд, В. И. and Афраймович, В. С. and Ильяшенко, Ю. С. and Шильников, Л. П.},
  Year                     = {1985},
  Address                  = {М.},
  Language                 = {russian},
  Publisher                = {ВИНИТИ АН СССР},
  Series                   = {Современные проблемы математики. Фундаментальные направления},
  Volume                   = {5}
}

@Book{DS3,
  Title                    = {Математические аспекты классической и небесной механики},
  Author                   = {Арнольд, В. И. and Козлов, В. В. and Нейштадт, А. И.},
  Year                     = {2009},
  Address                  = {М.},
  Edition                  = {3-е},
  Language                 = {russian},
  Publisher                = {Эдиториал УРСС},
  Date-modified            = {2011-02-20 22:28:15 +0300},
  Numpages                 = {416}
}

@Book{Batkhin2010,
  Title                    = {Порождающие плоские периодические орбиты задачи Хилла},
  Author                   = {Батхин, А. Б.},
  Year                     = {2010},
  Language                 = {russian},
  Publisher                = {ИПМ им.~М.\,В.\,Келдыша РАН},
  Series                   = {Препринт \No~47},

  Date-added               = {2011-02-22 11:09:44 +0300},
  Date-modified            = {2011-02-22 11:11:46 +0300},
  Keywords                 = {Задача Хилла, порождающие решения},
  Numpages                 = {24}
}

@Book{BatkhinsHill,
  Title                    = {Задача {Х}илла},
  Author                   = {Батхин, А. Б. and Батхина, Н. В.},
  Year                     = {2009},
  Address                  = {Волгоград},
  Language                 = {russian},
  Publisher                = {Волгоградское научное издательство},

  Numpages                 = {200}
}

@Article{BatkhinaVestnik2010,
  Title                    = {Гамильтоновы укорочения ограниченной задачи трех тел},
  Author                   = {Батхина, Н. В. and Тимофеева, И. А.},
  Journal                  = {Вестник ВолГУ. Сер.~1. Математика. Физика},
  Year                     = {2010},
  Language                 = {russian},
  Number                   = {13},
  Pages                    = {5--14},

  Date-added               = {2011-02-19 11:26:33 +0300},
  Date-modified            = {2011-02-19 11:28:56 +0300},
  Keywords                 = {ОЗТТ}
}

@Book{BeletskyOcherki,
  Title                    = {Очерки о движении космических тел},
  Author                   = {Белецкий, В. В.},
  Year                     = {2009},
  Address                  = {М.},
  Language                 = {russian},
  Publisher                = {Издательство ЛКИ},

  Date-added               = {2010-06-06 21:51:27 +0400},
  Date-modified            = {2010-06-06 21:53:09 +0400},
  Numpages                 = {432}
}

@Article{Beletsky,
  Title                    = {Задача {Хилла} как динамический биллиард},
  Author                   = {Белецкий, В. В. and Салимова, О. П.},
  Journal                  = {Reg. \& Chaot. Dyn.},
  Year                     = {1996},
  Language                 = {russian},
  Number                   = {2},
  Pages                    = {47-58},
  Volume                   = {1}
}

@Book{Birkgof,
  Title                    = {Динамические системы},
  Author                   = {Биркгоф, Дж. Д.},
  Year                     = {1999},
  Address                  = {Ижевск},
  Language                 = {russian},
  Pagetotal                = {408},
  Publisher                = {Изд. дом «Удмуртский университет»},

  Date-added               = {2014-07-16 06:25:48 +0000},
  Date-modified            = {2014-07-16 06:28:29 +0000}
}

@Book{Bordovichina,
  Title                    = {Современные численные методы в задачах небесной механики},
  Author                   = {Бордовицина, Т. В.},
  Year                     = {1984},
  Address                  = {Москва},
  Language                 = {russian},
  Pages                    = {136},
  Publisher                = {Наука}
}

@Article{Borisov,
  Title                    = {Бифуркации удвоения периода в динамике твердого тела.},
  Author                   = {Борисов, А. В. and Симаков, Н. Н.},
  Journal                  = {Reg. \& Chaot. Dyn.},
  Year                     = {1997},
  Language                 = {russian},
  Number                   = {1},
  Pages                    = {64-74},
  Volume                   = {2}
}

@Article{BoyarskySheikhet87,
  Title                    = {Об одноимпульсном переходе с орбиты ИСЗ на условнопериодическую траекторию вокруг коллинеарной точки либрации системы Солнце---Земля},
  Author                   = {Боярский, М. Н. and Шейхет, А. И.},
  Journal                  = {Космические исследования},
  Year                     = {1987},
  Language                 = {russian},
  Number                   = {1},
  Pages                    = {152},
  Volume                   = {25},

  Date-added               = {2012-08-13 08:40:34 +0000},
  Date-modified            = {2012-08-13 08:42:47 +0000}
}

@Book{Bronsten,
  Title                    = {Как движется {Луна}?},
  Author                   = {Бронштэн, В. А.},
  Year                     = {1990},
  Address                  = {М.},
  Language                 = {russian},
  Publisher                = {<<Наука>>},

  Date-added               = {2011-11-07 11:55:10 +0300},
  Date-modified            = {2011-11-07 12:03:23 +0300}
}

@Book{Broer,
  Title                    = {Структуры в динамике. {Конечномерные детерминированные системы}},
  Author                   = {Брур, Х. В. and Дюмортье, Ф. and ван Стрин, С. and Такенс, Ф.},
  Year                     = {2003},
  Address                  = {Москва-Ижевск},
  Language                 = {russian},
  Publisher                = {Институт компьютерных исследований}
}

@Book{Bruno_stepgeom,
  Title                    = {Степенная геометрия в алгебраических и дифференциальных уравнениях},
  Author                   = {Брюно, А. Д.},
  Year                     = {1998},
  Address                  = {М.},
  Language                 = {russian},
  Pagetotal                = {288},
  Publisher                = {Наука},

  Hyphenation              = {russian},
  Numpages                 = {288}
}

@Book{Bruno72,
  Title                    = {Исследование по ограниченной задаче трех тел. {П}ериодические решения системы {Г}амильтона.},
  Author                   = {Брюно, А. Д.},
  Year                     = {1972},
  Language                 = {russian},
  Note                     = {Препринт №18 ИПМ АН СССР},

  HowPublished             = {Москва, ИПМ АН СССР}
}

@Book{Bruno96,
  Title                    = {Нулькратные и обратные периодические решения ограниченной задачи трех тел},
  Author                   = {Брюно, А. Д.},
  Year                     = {1996},
  Language                 = {russian},
  Publisher                = {ИПМ им.~М.\,В.\,Келдыша РАН},
  Series                   = {Препринт №~93},

  Date-modified            = {2014-01-21 04:09:52 +0000},
  Numpages                 = {32}
}

@Article{BrunoDAN14,
  Title                    = {Об интегрируемой системе Гамильтона},
  Author                   = {Брюно, Александр Дмитриевич},
  Journal                  = {Доклады Академии Наук},
  Year                     = {2014},
  Language                 = {russian},
  Number                   = {6},
  Pages                    = {631--634},
  Volume                   = {457},

  Date-added               = {2014-08-03 19:31:50 +0000},
  Date-modified            = {2014-08-03 19:33:09 +0000}
}

@Article{BrunoKI2006,
  Title                    = {Периодические решения системы Гамильтона},
  Author                   = {Брюно, А. Д.},
  Journal                  = {Космические исследования},
  Year                     = {2006},
  Language                 = {russian},
  Number                   = {3},
  Pages                    = {258--271},
  Volume                   = {44},

  Date-added               = {2012-02-26 19:45:21 +0300},
  Date-modified            = {2012-02-26 19:46:26 +0300}
}

@Book{BrunoLocal,
  Title                    = {Локальный метод нелинейного анализа дифференциальных уравнений},
  Author                   = {Брюно, А. Д.},
  Year                     = {1979},
  Address                  = {М.},
  Language                 = {russian},
  Publisher                = {Наука},

  Date-added               = {2010-06-16 14:35:53 +0400},
  Date-modified            = {2010-06-16 14:37:25 +0400},
  Numpages                 = {252}
}

@Book{BrunoRTBP,
  Title                    = {Ограниченная задача трех тел: Плоские периодические орбиты},
  Author                   = {Брюно, А. Д.},
  Year                     = {1990},
  Address                  = {М.},
  Language                 = {russian},
  Pagetotal                = {296},
  Publisher                = {Наука},

  Date-modified            = {2010-05-31 12:33:00 +0400},
  Numpages                 = {296}
}

@Article{BrunoVarin07,
  Title                    = {Периодические решения ограниченной задачи трех тел при малых $\mu$},
  Author                   = {Брюно, А. Д. and Варин, В. П.},
  Journal                  = {ПММ},
  Year                     = {2007},
  Language                 = {russian},
  Number                   = {6},
  Pages                    = {1034-1066},
  Volume                   = {71}
}

@Book{BrunoPetrovich,
  Title                    = {Десингуляризация ограниченной задачи трех тел},
  Author                   = {Брюно, А. Д. and Петрович, В. Ю.},
  Year                     = {2006},
  Language                 = {russian},
  Publisher                = {ИПМ им.~М.В.~Келдыша РАН},
  Series                   = {Препринт \No~66},

  Date-modified            = {2010-06-06 22:09:57 +0400},
  Numpages                 = {11}
}

@Article{BrunoSadov95,
  Title                    = {О формальном интеграле бездивергентной системы},
  Author                   = {Брюно, Александр Дмитриевич and Садов, С. Ю.},
  Journal                  = {Матем. заметки},
  Year                     = {1995},
  Language                 = {russian},
  Number                   = {6},
  Pages                    = {803--813},
  Volume                   = {57},

  Date-added               = {2014-07-22 18:08:40 +0000},
  Date-modified            = {2014-07-22 18:10:37 +0000}
}

@Book{Wainberg,
  Title                    = {Теория ветвления решений нелинейных уравнений},
  Author                   = {Вайнберг, М. М. and Треногин, В. А.},
  Year                     = {1969},
  Address                  = {М.},
  Language                 = {russian},
  Publisher                = {Наука}
}

@Article{Vashkovyak2005a,
  Title                    = {Численно--аналитический метод исследования эволюции орбит далеких спутников планет},
  Author                   = {Вашковьяк, М. А.},
  Journal                  = {Письма в Астрономический журнал},
  Year                     = {2005},
  Language                 = {russian},
  Number                   = {1},
  Pages                    = {66--75},
  Volume                   = {31},

  Date-modified            = {2011-11-07 12:26:58 +0300}
}

@Article{Vashkovyak2010,
  Title                    = {Конструктивно-аналитическое решение эволюционной задачи {Хилла}},
  Author                   = {Вашковьяк, М. А.},
  Journal                  = {Астрономический вестник},
  Year                     = {2010},
  Language                 = {russian},
  Number                   = {6},
  Pages                    = {560--573},
  Volume                   = {44},

  Date-added               = {2012-02-08 14:04:50 +0300},
  Date-modified            = {2012-02-11 00:28:34 +0300}
}

@Article{Vashkovyak2005b,
  Title                    = {Об эволюции орбит некоторых далеких спутников планет--гигантов},
  Author                   = {Вашковьяк, М. А. and Тесленко, Н. М.},
  Journal                  = {Письма в Астрономический журнал},
  Year                     = {2005},
  Language                 = {russian},
  Number                   = {2},
  Pages                    = {154--160},
  Volume                   = {31},

  Date-modified            = {2011-11-07 12:25:40 +0300}
}

@Article{Vashkovyak2008,
  Title                    = {О периодически эволюционирующих орбитах в однократно осредненной задаче {Х}илла},
  Author                   = {Вашковьяк, М. А. and Тесленко, Н. М.},
  Journal                  = {Письма в Астрономический журнал},
  Year                     = {2008},
  Language                 = {russian},
  Number                   = {4},
  Pages                    = {311--320},
  Volume                   = {34},

  Date-modified            = {2011-11-07 12:26:04 +0300}
}

@Article{Vashkovyak2009,
  Title                    = {Уточненная модель эволюции далеких спутниковых орбит},
  Author                   = {Вашковьяк, М. А. and Тесленко, Н. М.},
  Journal                  = {Письма в АЖ},
  Year                     = {2009},
  Language                 = {russian},
  Number                   = {12},
  Pages                    = {934--950},
  Volume                   = {35},

  Date-added               = {2012-02-08 14:02:09 +0300},
  Date-modified            = {2012-02-11 00:26:08 +0300}
}

@Book{Gantmacher,
  Title                    = {Теория матриц},
  Author                   = {Гантмахер, Ф. Р.},
  Year                     = {1988},
  Address                  = {М.},
  Edition                  = {4-е изд.},
  Language                 = {russian},
  Pagetotal                = {552},
  Publisher                = {<<Наука>>},

  Hyphenation              = {russian}
}

@Article{Gelfreich,
  Title                    = {Расщепление сепаратрис: теория возмущений, экспоненциальная малость},
  Author                   = {Гельфрейх, В. Г. and Лазуткин, В. Ф.},
  Journal                  = {УМН},
  Year                     = {2001},
  Language                 = {russian},
  Number                   = {3},
  Pages                    = {79-146},
  Volume                   = {56}
}

@Book{Matrichn,
  Title                    = {Матричные вычисления.},
  Author                   = {Голуб, Дж. and Ван Лоун, Ч.},
  Year                     = {1999},
  Language                 = {russian},
  Publisher                = {Москва}
}

@Book{Guken,
  Title                    = {Нелинейные колебания, динамические системы и бифуркации векторных полей},
  Author                   = {Гукенхеймер, Дж. and Холмс, Ф.},
  Year                     = {2002},
  Address                  = {Москва-Ижевск},
  Language                 = {russian},
  Publisher                = {Институт компьютерных исследований}
}

@Article{gulyaev,
  Title                    = {Универсальная последовательность бифуркаций удвоения периода вынужденных колебаний маятника},
  Author                   = {Гуляев, В.И. and Зубрицкая, А. Л. and Кошкин, В.Л.},
  Journal                  = {ПММ},
  Year                     = {1989},
  Language                 = {russian},
  Number                   = {5},
  Pages                    = {715-720},
  Volume                   = {53}
}

@Book{Dubo,
  Title                    = {Небесная механика. {А}налитические и качественные методы},
  Author                   = {Дубошин, Г. Н.},
  Year                     = {1978},
  Address                  = {М.},
  Language                 = {russian},
  Publisher                = {<<Наука>>}
}

@Book{Zhuravlev08,
  Title                    = {Основы теоретической механики},
  Author                   = {Журавлев, Виктор Филиппович},
  Year                     = {2008},
  Address                  = {М.},
  Language                 = {russian},
  Pagetotal                = {304},
  Publisher                = {ФИЗМАТЛИТ},

  Date-added               = {2014-07-16 09:28:35 +0000},
  Date-modified            = {2014-07-16 09:30:21 +0000}
}

@Article{ZhuravlevPMM02,
  Title                    = {Инвариантная нормализация неавтономных гамильтоновых систем},
  Author                   = {Журавлев, Виктор Филиппович},
  Journal                  = {Прикл. матем. и мех.},
  Year                     = {2002},
  Language                 = {russian},
  Number                   = {3},
  Pages                    = {356--365},
  Volume                   = {66},

  Date-added               = {2014-07-16 09:31:10 +0000},
  Date-modified            = {2014-07-16 09:32:47 +0000}
}

@Book{ZhPetShun,
  Title                    = {Асимптотическая симметризация гамильтоновых систем},
  Author                   = {Журавлев, Виктор Филиппович and Петров, Александр Георгиевич and Шундерюк, Михаил Мирославович},
  Year                     = {2010},
  Address                  = {М.},
  Language                 = {russian},
  Pagetotal                = {56},
  Publisher                = {МФТИ},

  Date-added               = {2014-07-16 09:43:31 +0000},
  Date-modified            = {2014-07-16 09:45:50 +0000}
}

@Book{Zaslavsky,
  Title                    = {Введение в нелинейную физику: {О}т маятника до турбулентности и хаоса},
  Author                   = {Заславский, Г. М. and Сагдеев, Р. З.},
  Year                     = {1988},
  Address                  = {М.},
  Language                 = {russian},
  Publisher                = {Наука}
}

@Book{Siegel,
  Title                    = {Лекции по небесной механике},
  Author                   = {Зигель, К. and Мозер, Ю.},
  Year                     = {2001},
  Address                  = {Ижевск},
  Language                 = {russian},
  Publisher                = {НИЦ <<Регулярная и хаотическая динамика>>},

  Numpages                 = {384}
}

@Book{Sokolsky,
  Title                    = {Метод продолжения по параметрам естественных семейств периодических движений гамильтоновых систем},
  Author                   = {Каримов, С. Р. and Сокольский, А. Г.},
  Year                     = {1990},
  Language                 = {russian},
  Note                     = {Препринт ИТА АН СССР, №9}
}

@Book{KatHas,
  Title                    = {Введение в современную теорию динамических систем},
  Author                   = {Каток, А. Б. and Хасселблат, Б.},
  Year                     = {1999},
  Address                  = {М.},
  Language                 = {russian},
  Note                     = {Пер. с англ. А. Коненко при участии С. Ферлегера.},
  Publisher                = {Изд-во <<Факториал>>}
}

@Article{Kogan,
  Title                    = {Далекие спутниковые орбиты в ограниченной задаче трех тел},
  Author                   = {Коган, А. Ю.},
  Journal                  = {Космические исследования},
  Year                     = {1988},
  Language                 = {russian},
  Number                   = {6},
  Pages                    = {813--818},
  Volume                   = {XXVI},

  Date-added               = {2011-02-18 23:33:47 +0300},
  Date-modified            = {2012-08-19 18:05:09 +0000},
  Keywords                 = {Задача Хилла, квазиспутниковые орбиты}
}

@Book{Kozlov,
  Title                    = {Симметрии, топологии и резонансы в гамильтоновой механике},
  Author                   = {Козлов, В. В.},
  Year                     = {1995},
  Address                  = {Ижевск},
  Language                 = {russian},
  Pages                    = {432},
  Publisher                = {Изд-во Удмуртского гос. университета}
}

@Book{KostrikinManin,
  Title                    = {Линейная алгебра и геометрия},
  Author                   = {Кострикин, А. И. and Манин, Ю. И.},
  Year                     = {1986},
  Address                  = {М.},
  Language                 = {russian},
  Publisher                = {Наука}
}

@Book{Kreisman03,
  Title                    = {Семейства периодических решений гамильтоновой системы с двумя степенями свободы. {Н}есимметричные периодические решения плоской ограниченной задачи трех тел},
  Author                   = {Крейсман, Б. Б.},
  Year                     = {2003},
  Language                 = {russian},
  Note                     = {Препринт ФИАН им.~П.Н.~Лебедева. №~66}
}

@Article{Kreisman11,
  Title                    = {Одноимпульсные перелеты с орбит искусственных спутников на орбиты вокруг точки либрации {$L_1$} или {$L_2$}},
  Author                   = {Крейсман, Борис Борисович},
  Journal                  = {Космические исследования},
  Year                     = {2011},
  Language                 = {russian},
  Number                   = {4},
  Pages                    = {335--344},
  Volume                   = {49},

  Date-added               = {2011-12-12 11:42:09 +0300},
  Date-modified            = {2012-08-24 07:07:39 +0000},
  Keywords                 = {точик либрации}
}

@Book{Kreisman97,
  Title                    = {О симметричных периодических решениях плоской ограниченной задачи трех тел},
  Author                   = {Крейсман, Б. Б.},
  Year                     = {1997},
  Language                 = {russian},
  Note                     = {Препринт ФИАН им.~П.Н.~Лебедева. №~66}
}

@Article{KreismanCR05,
  Title                    = {Семейства периодических решений гамильтоновой системы с двумя степенями свободы. {Н}есимметричные периодические решения плоской ограниченной задачи трех тел},
  Author                   = {Крейсман, Б. Б.},
  Journal                  = {Космические исследования},
  Year                     = {2005},
  Language                 = {russian},
  Number                   = {2},
  Pages                    = {1--23},
  Volume                   = {43},

  Date-added               = {2011-11-07 11:57:47 +0300},
  Date-modified            = {2011-11-07 11:59:41 +0300},
  Hyphenation              = {russian}
}

@Book{sprav,
  Title                    = {Справочник любителя астрономии},
  Author                   = {Куликовский, П. Г.},
  Year                     = {2002},
  Address                  = {М.},
  Edition                  = {Изд. 5-е, перераб. и полн. обновл.},
  Language                 = {russian},
  Note                     = {Под ред. В.Г. Сурдина},
  Publisher                = {Эдиториал УРСС}
}

@Article{Lidov77,
  Title                    = {Об одном ссемейств пространственных периодических орбит около Луны и планет},
  Author                   = {Лидов, Михаил Львович},
  Journal                  = {ДАН СССР},
  Year                     = {1977},
  Number                   = {6},
  Volume                   = {223},

  Hyphenation              = {russian}
}

@Article{Lidov82,
  Title                    = {Метод построения семейств пространственных периодических орбит в задаче Хилла},
  Author                   = {Лидов, Михаил Львович},
  Journal                  = {Космические исследования},
  Year                     = {1982},
  Language                 = {russian},
  Number                   = {6},
  Pages                    = {787--807},
  Volume                   = {XX},

  Date-modified            = {2014-01-21 03:49:52 +0000}
}

@Article{Lidov82a,
  Title                    = {Увеличение размерности гамильтоновых систем, $KS$"=преобразование, использование частных интегралов},
  Author                   = {Лидов, Михаил Львович},
  Journal                  = {Космические исследования},
  Year                     = {1982},
  Number                   = {2},
  Pages                    = {163--176},
  Volume                   = {XX},

  Hyphenation              = {russian}
}

@Article{LidovVashkovyak93,
  Title                    = {Теория возмущений и анализ эволюции квазиспутниковых орбит в ограниченной задаче тре тел},
  Author                   = {Лидов, Михаил Львович and Вашковьяк, М. А.},
  Journal                  = {Космические исследования},
  Year                     = {1993},
  Language                 = {russian},
  Number                   = {2},
  Pages                    = {75--99},
  Volume                   = {31},

  Date-added               = {2011-02-22 11:28:32 +0300},
  Date-modified            = {2011-02-22 11:30:50 +0300}
}

@Article{LidovVashkovyak94,
  Title                    = {О квазиспутниковых орбитах для эксперимента по уточнению гравитационной постоянной},
  Author                   = {Лидов, Михаил Львович and Вашковьяк, М. А.},
  Journal                  = {Письма в <<Астрон. журнал>>},
  Year                     = {1994},
  Language                 = {russian},
  Number                   = {3},
  Pages                    = {229--240},
  Volume                   = {20},

  Date-added               = {2011-02-22 11:30:51 +0300},
  Date-modified            = {2011-02-22 11:33:17 +0300}
}

@Article{LidovLyahova,
  Title                    = {Семейства пространственных периодических орбит задачи {Х}илла и их устойчивость},
  Author                   = {Лидов, Михаил Львович and Ляхова, В. А.},
  Journal                  = {Космические исследования},
  Year                     = {1983},
  Language                 = {russian},
  Number                   = {1},
  Pages                    = {3--11},
  Volume                   = {XXI}
}

@Article{LidovLyahova83,
  Title                    = {Семейства пространственных периодических орбит задачи {Х}илла и их устойчивость},
  Author                   = {Лидов, Михаил Львович and Ляхова, В. А.},
  Journal                  = {Космические исследования},
  Year                     = {1983},
  Language                 = {russian},
  Number                   = {1},
  Pages                    = {3--11},
  Volume                   = {XXI},

  Date-added               = {2012-02-08 14:26:32 +0300},
  Date-modified            = {2012-02-08 14:27:02 +0300}
}

@Article{LidovLyahova88,
  Title                    = {Об одном варианте орбиты для околоземного радиоинтерферометра},
  Author                   = {Лидов, Михаил Львович and Ляхова, В. А.},
  Journal                  = {Письма в АЖ},
  Year                     = {1988},
  Language                 = {russian},
  Number                   = {9},
  Pages                    = {851},
  Volume                   = {14},

  Date-modified            = {2012-02-08 14:28:34 +0300}
}

@Article{LidovLyakhovaTeslenko87,
  Title                    = {Одноимпульсный перелет на условнопериодическую орбиту в окрестности точки {$L_2$} системы Земля--Солнце и смежные задачи},
  Author                   = {Лидов, Михаил Львович and Ляхова, В. А. and Тесленко, Н. М.},
  Journal                  = {Космические исследования},
  Year                     = {1987},
  Language                 = {russian},
  Number                   = {2},
  Pages                    = {163--185},
  Volume                   = {25},

  Adsnote                  = {Provided by the SAO/NASA Astrophysics Data System},
  Adsurl                   = {http://adsabs.harvard.edu/abs/1987KosIs..25..163L},
  Date-added               = {2012-08-09 14:43:11 +0000},
  Date-modified            = {2012-08-24 20:22:40 +0000},
  Keywords                 = {EARTH-MOON SYSTEM, LAGRANGIAN EQUILIBRIUM POINTS, SPACECRAFT MOTION, TRANSFER ORBITS, LIBRATION, SPACECRAFT TRAJECTORIES, TRAJECTORY ANALYSIS}
}

@Article{LidovRabinovich,
  Title                    = {Исследование семейств пространственных периодических орбит задачи трех тел},
  Author                   = {Лидов, Михаил Львович and Рабинович, В. Ю.},
  Journal                  = {Космические исследования},
  Year                     = {1979},
  Language                 = {russian},
  Number                   = {3},
  Pages                    = {323--332},
  Volume                   = {XVII}
}

@Book{Lichtenberg,
  Title                    = {Регулярная и стохастическая динамика},
  Author                   = {Лихтенберг, А. and Либерман, М.},
  Year                     = {1984},
  Address                  = {М.},
  Language                 = {russian},
  Publisher                = {<<Мир>>}
}

@Inbook{Lyapunov,
  Title                    = {О рядах, предложенных Хиллом для представления движения Луны},
  Author                   = {Ляпунов, А. М.},
  Booktitle                = {Собрание сочинений},
  Year                     = {1998},
  Language                 = {russian},
  Publisher                = {Наука},
  Volume                   = {I},

  Address                  = {М.}
}

@Book{malin,
  Title                    = {Современные проблемы нелинейной динамики},
  Author                   = {Малинецкий, Г. Г. and Потапов, А. Б.},
  Year                     = {2002},
  Address                  = {М.},
  Language                 = {russian},
  Publisher                = {Едиториал УРСС}
}

@Book{Markeev78,
  Title                    = {Точки либрации в небесной механике и космодинамике},
  Author                   = {Маркеев, Анатолий Павлович},
  Year                     = {1978},
  Address                  = {М.},
  Language                 = {russian},
  Pagetotal                = {352},
  Numpages				   = {352},
  Publisher                = {Гл. ред. физ.-мат. литер. изд-ва <<Наука>>},

  Date-added               = {2014-07-16 09:21:30 +0000},
  Date-modified            = {2014-07-16 09:24:11 +0000},
  Hyphenation              = {russian}
}

@Book{Marchal,
  Title                    = {Задача трёх тел},
  Author                   = {Маршал, К.},
  Year                     = {2005},
  Address                  = {Москва-Ижевск},
  Language                 = {russian},
  Pagetotal                = {640},
  Publisher                = {Институт компьютерных исследований}
}

@Book{Winset,
  Title                    = {Инвариантные множества динамических систем в {W}indows},
  Author                   = {Морозов, А. Д.},
  Year                     = {1998},
  Address                  = {М.},
  Language                 = {russian},
  Publisher                = {<<УРСС>>}
}

@Article{Muchnik,
  Title                    = {Последовательности, близкие к периодическим},
  Author                   = {Мучник, {Ан.} А. and Притыкин, Ю. Л. and Семенов, А. Л.},
  Journal                  = {УМН},
  Year                     = {2009},
  Language                 = {russian},
  Number                   = {5 (389)},
  Pages                    = {21--96},
  Volume                   = {64},

  Date-added               = {2012-05-04 15:28:37 +0400},
  Date-modified            = {2012-05-04 15:34:03 +0400}
}

@Book{PetrovAG,
  Title                    = {Аналитическая гидродинамика},
  Author                   = {Петров, Александр Георгиевич},
  Year                     = {2009},
  Address                  = {М.},
  Language                 = {russian},
  Pagetotal                = {520},
  Publisher                = {ФИЗМАТЛИТ},

  Date-added               = {2014-07-16 06:30:52 +0000},
  Date-modified            = {2014-07-16 06:32:19 +0000}
}

@Book{PoincareIIrus,
  Title                    = {Новые методы небесной механики},
  Author                   = {Пуанкаре, Анри},
  Year                     = {1972},
  Address                  = {М.},
  Language                 = {russian},
  Pages                    = {9--356},
  Publisher                = {Наука},
  Volume                   = {2},

  Date-modified            = {2014-02-05 10:05:52 +0000},
  Hyphenation              = {russian},
  Numpages                 = {9--356}
}

@Book{PoincareIrus,
  Title                    = {Новые методы небесной механики},
  Author                   = {Пуанкаре, Анри},
  Year                     = {1971},
  Address                  = {М.},
  Language                 = {russian},
  Publisher                = {Наука},
  Volume                   = {1},

  Date-added               = {2014-02-05 10:05:10 +0000},
  Date-modified            = {2014-02-05 10:13:38 +0000},
  Inbook                   = {Избранные труды},
  Numpages                 = {771}
}

@Book{Szebehely,
  Title                    = {Теория орбит: ограниченная задача трех тел},
  Author                   = {Себехей, В.},
  Year                     = {1982},
  Address                  = {М.},
  Language                 = {russian},
  Pagetotal                = {656},
  Publisher                = {Наука},

  Numpages                 = {656}
}

@Book{BookSimo,
  Title                    = {Современные проблемы хаоса и нелинейности},
  Author                   = {Симо, К. and Смейл, С. and Шенсине, А.},
  Year                     = {2002},
  Address                  = {Ижевск},
  Language                 = {russian},
  Publisher                = {Институт компьютерных исследований}
}

@Inbook{Smeil,
  Title                    = {Математические проблемы следующего столетия},
  Author                   = {Смейл, С.},
  Booktitle                = {Современные проблемы хаоса и нелинейности},
  Year                     = {2002},
  Language                 = {russian},
  Pages                    = {280-303},
  Publisher                = {Институт компьютерных исследований},

  Address                  = {Ижевск}
}

@Book{Subbotin,
  Title                    = {Введение в теоретическую астрономию},
  Author                   = {Субботин, М. Ф.},
  Year                     = {1968},
  Language                 = {russian},
  Publisher                = {Издательство <<Наука>>},

  Date-added               = {2010-06-17 16:00:26 +0400},
  Date-modified            = {2010-06-17 16:04:06 +0400},
  Numpages                 = {800}
}

@Article{vestnik99,
  Title                    = {Переменные действие-угол в задаче {Х}илла},
  Author                   = {Сумароков, С.И. and Батхин, А.Б.},
  Journal                  = {Вестник ВолГУ. Сер.~1. Математика. Физика},
  Year                     = {1999},
  Language                 = {russian},
  Number                   = {4},
  Pages                    = {131-139}
}

@Article{Tuchin2007,
  Title                    = {Квазисинхронные орбиты и их использование для сближения космического аппарата с {Фобосом}},
  Author                   = {Тучин, А. Г.},
  Journal                  = {Космические исследования},
  Year                     = {2007},
  Language                 = {russian},
  Number                   = {2},
  Pages                    = {144--149},
  Volume                   = {45},

  Date-added               = {2012-02-08 14:15:07 +0300},
  Date-modified            = {2012-02-08 14:17:01 +0300}
}

@Book{Wintner,
  Title                    = {Аналитические основы небесной механики},
  Author                   = {Уинтнер, А.},
  Year                     = {1967},
  Address                  = {М.},
  Language                 = {russian},
  Publisher                = {Наука},

  Date-added               = {2010-11-15 12:42:10 +0300},
  Date-modified            = {2010-11-15 12:43:55 +0300},
  Numpages                 = {523}
}

@Book{Hairer,
  Title                    = {Решение обыкновенных дифференциальных уравнений. Нежесткие задачи},
  Author                   = {Хайрер, Э. and Нерсетт, С. and Ваннер, Г.},
  Year                     = {1990},
  Address                  = {М.},
  Language                 = {russian},
  Pages                    = {512},
  Publisher                = {<<Мир>>}
}

@Book{Holodniok,
  Title                    = {Методы анализа нелинейных динамических моделей},
  Author                   = {Холодниок, М. and Клич, А. and Кубичек, М. and Марек, М.},
  Year                     = {1991},
  Address                  = {М.},
  Language                 = {russian},
  Publisher                = {<<Мир>>}
}

@Book{Stifel,
  Title                    = {Линейная и регулярная механика},
  Author                   = {Штифель, Е. and Шейфеле, Г.},
  Year                     = {1975},
  Address                  = {М.},
  Language                 = {russian},
  Pagetotal                = {304},
  Publisher                = {Наука},

  Hyphenation              = {russian}
}

@Book{Euler1934,
  Title                    = {Новая теория движения {Л}уны: Пер. с. латинского А.Н.~Крылова},
  Author                   = {Эйлер, Леонард},
  Year                     = {1934},
  Address                  = {Л.},
  Language                 = {russian},
  Publisher                = {Издательство АН СССР},

  Date-added               = {2007-07-04 20:27:09 +0300},
  Date-modified            = {2007-07-04 20:31:40 +0300},
  Keywords                 = {небесная механика}
}

@Book{Jacubovich,
  Title                    = {Параметрический резонанс в линейных системах},
  Author                   = {Якубович, В. А. and Старжинский, В. М.},
  Year                     = {1987},
  Address                  = {М.},
  Language                 = {russian},
  Publisher                = {Наука}
}

@Book{JacubStarzh,
  Title                    = {Линейные дифференциальные уравнения с периодическими коэффициентами},
  Author                   = {Якубович, В. А. and Старжинский, В. М.},
  Year                     = {1972},
  Address                  = {М.},
  Language                 = {russian},
  Publisher                = {Наука},

  Date-added               = {2012-09-03 16:34:33 +0000},
  Date-modified            = {2012-09-03 16:36:09 +0000},
  Numpages                 = {720}
}

@Book{Sovremen,
  Title                    = {Современные численные методы решения обыкновенных дифференциальных уравнений},
  Year                     = {1979},
  Address                  = {Москва},
  Editor                   = {Холл, Дж. and Уатт, Дж.},
  Language                 = {russian},
  Pages                    = {312},
  Publisher                = {<<Мир>>}
}

@Book{SpravRuk,
  Title                    = {Справочное руководство по небесной механике и астродинамике},
  Year                     = {1978},
  Edition                  = {2-е, перераб. и дополн.},
  Editor                   = {Дубошина, Г. Н.},
  Language                 = {russian},
  Publisher                = {<<Наука>>},

  Date-added               = {2011-04-07 15:31:33 +0400},
  Date-modified            = {2011-04-08 23:47:16 +0400},
  Keywords                 = {небесная механика},
  Numpages                 = {864}
}

